@article{lamport1978,
  author = {Lamport, Leslie},
  title = {Time, Clocks, and the Ordering of Events in a Distributed System},
  year = {1978},
  issue_date = {July 1978},
  publisher = {Association for Computing Machinery},
  address = {New York, NY, USA},
  volume = {21},
  number = {7},
  issn = {0001-0782},
  url = {https://doi.org/10.1145/359545.359563},
  doi = {10.1145/359545.359563},
  journal = {Commun. ACM},
  month = {jul},
  pages = {558–565},
  numpages = {8}
}

@phdthesis{schmuck-dissertation,
  title={The use of efficient broadcast protocols in asynchronous distributed systems},
  author={Schmuck, Frank B},
  year={1988},
  institution={Cornell University}
}

@inproceedings{mattern-vector-time,
  author = {Mattern, Friedemann},
  booktitle = {Parallel and Distributed Algorithms},
  pages = {215--226},
  publisher = {North-Holland},
  title = {Virtual Time and Global States of Distributed Systems},
  year = 1989
}

@article{fidge-vector-time,
  author = {Fidge, C. J.},
  journal = {Proceedings of the 11th Australian Computer Science Conference},
  number = 1,
  pages = {56–66},
  title = {Timestamps in message-passing systems that preserve the partial ordering},
  volume = 10,
  year = 1988
}